<?xml version="1.0" encoding="UTF-8"?><collection xmlns="http://www.loc.gov/MARC21/slim"><record><leader>00569nam--2200205-u-4500</leader><controlfield tag="001">000052335</controlfield><controlfield tag="002">20161230</controlfield><controlfield tag="005">20161230201050</controlfield><controlfield tag="008">100621s1000------------r-----000-0-eng-d</controlfield><datafield ind1=" " ind2=" " tag="020"><subfield code="a">0817638636</subfield></datafield><datafield ind1=" " ind2=" " tag="040"><subfield code="a">IFIN-HH</subfield></datafield><datafield ind1=" " ind2=" " tag="080"><subfield code="a">81427</subfield></datafield><datafield ind1="1" ind2=" " tag="100"><subfield code="a">Bovier, Anton</subfield></datafield><datafield ind1="1" ind2="0" tag="245"><subfield code="a">Mathematical Aspects of Spin Glasses and Neural Networks</subfield><subfield code="c">Anton Bovier, Pierre Picco (Eds.)</subfield></datafield><datafield ind1=" " ind2=" " tag="260"><subfield code="a">Boston</subfield><subfield code="b">Birkhauser</subfield><subfield code="c">1998</subfield></datafield><datafield ind1=" " ind2=" " tag="300"><subfield code="a">382 p</subfield></datafield><datafield ind1=" " ind2=" " tag="490"><subfield code="a">Progress in Probability</subfield><subfield code="v">vol. 41</subfield></datafield><datafield ind1="1" ind2=" " tag="700"><subfield code="a">Picco, Pierre</subfield></datafield><datafield ind1=" " ind2=" " tag="852"><subfield code="a">81427</subfield><subfield code="c">519.2</subfield></datafield><datafield ind1=" " ind2=" " tag="CAT"><subfield code="a">Sys</subfield><subfield code="c">20100621</subfield><subfield code="h">133657</subfield></datafield></record></collection>